@InCollection{Perf_ws_queuing,
author = {J. Kontio and R. Conradi},
title = {Evaluating the Performance of a Website via Queuing Theory},
booktitle = {Lecture Notes in Computer Science},
pages = {63--72},
publisher = {Springer-Verlag},
year = {2002},
}

@InCollection{model_server_settings_jee,
author = {D. Draheim and G. Weber},
title = {Modeling the Effect of Application Server Settings on the Performance Of J2EE Web Applications},
booktitle = {Lecture Notes in Computer Science},
pages = {202--216},
publisher = {Springer-Verlag},
year = {2006},
}

@Book{performance_solutions,
author = {C. Smith and L. Williams},
title = {Performance Solutions, A practical guide to creating responsive, scalable software},
publisher = {Addison Wesley},
year = {2002},
}

@Misc{master_the_boss,
author = {F. Marchioni},
title = {Mastering the Boss},
howpublished = {Website},
note = {http://www.mastertheboss.com/en/jboss-application-server/113-jboss-performance-tuning-1.html},
}

@Misc{Speeds,
author = {Zona Research Inc},
title = {The Economic Impacts of Unacceptable Web Site Download Speeds},
howpublished = {Website},
note = {www.webperf.net/info/wp_downloadspeed.pdf},
}


